
@article{sarfati2009growing,
  title={Growing unequal? Income distribution and poverty in OECD countries},
  author={Sarfati, Hedva},
  journal={International Labour Review},
  volume={148},
  number={1/2},
  pages={199},
  year={2009},
  publisher={International Labour Organization, represented by the International Labour~…}
}

@article{kunieda2014finance,
  title={Finance and inequality: How does globalization change their relationship?},
  author={Kunieda, Takuma and Okada, Keisuke and Shibata, Akihisa},
  journal={Macroeconomic Dynamics},
  volume={18},
  number={5},
  pages={1091--1128},
  year={2014},
  publisher={Cambridge University Press}
}

@article{demetriades1996does,
  title={Does financial development cause economic growth? Time-series evidence from 16 countries},
  author={Demetriades, Panicos O and Hussein, Khaled A},
  journal={Journal of development Economics},
  volume={51},
  number={2},
  pages={387--411},
  year={1996},
  publisher={Elsevier}
}

@article{detzer2015inequality,
  title={Inequality and the financial system—the case of Germany},
  author={Detzer, Daniel},
  journal={The Pakistan Development Review},
  pages={585--607},
  year={2015},
  publisher={JSTOR}
}

@article{denk2015finance,
  title={Finance and income inequality in OECD countries},
  author={Denk, Oliver and Courn{\`e}de, Boris},
  journal={Available at SSRN 2649944},
  year={2015}
}

@misc{DeutscheBundesbank,
  title = {Deutsche Bundesbank},
      year={2022},
  howpublished = {\url{https://www.bundesbank.de/de}},
  note = {Accessed: 2023-01-21}
}

@misc{Eurostat,
  title = {Eurostat},
  year={2022},
  howpublished = {\url{https://ec.europa.eu/eurostat}},
  note = {Accessed: 2023-01-21}
}

@misc{EuropeanCentralBank,
  title = {European Central Bank},
      year={2022},
  howpublished = {\url{https://www.ecb.europa.eu/home/html/index.en.html}},
  note = {Accessed: 2023-01-21}
}
